@techreport{Bart12i,
	Author = {Bartz-Beielstein, T and Zaefferer, M.},
	Institution = {CIplus},
	Number = {TR 01/2012},
	Title = {A Gentle Introduction to Sequential Parameter Optimization},
	Year = {2012}}
	

@book{Bart06a,
	Address = {Berlin, Heidelberg, New York},
	Author = {Bartz--Beielstein, Thomas},
	Publisher = {Springer},
	Series = {Natural Computing Series},
	Title = {Experimental Research in Evolutionary Computation---The New Experimentalism},
	Year = {2006}}

@book{knuth2005art,
  title={The art of computer programming},
  author={Knuth, Donald Ervin},
  year={2005},
  publisher={Pearson Education}
}




